@book{bak2001path,
  title={Path following mobile robot in the presence of velocity constraints},
  author={Bak, Martin and Poulsen, Niels Kj{\o}lstad and Ravn, Ole},
  year={2001},
  publisher={IMM, Informatics and Mathematical Modelling, The Technical University of Denmark}
}
